<record><leader>00000cas a22000007a 4500</leader><controlfield tag="001">8787002</controlfield><controlfield tag="008">820918d18531856caudn ne      0   a0eng  </controlfield><datafield ind1=" " ind2=" " tag="010"><subfield code="a">sn 82014490 </subfield></datafield><datafield ind1=" " ind2=" " tag="040"><subfield code="a">DLC</subfield><subfield code="b">eng</subfield><subfield code="c">DLC</subfield><subfield code="d">NPU</subfield><subfield code="d">DLC</subfield><subfield code="d">NNX</subfield><subfield code="d">DLC</subfield><subfield code="d">YOX</subfield><subfield code="d">CNK</subfield><subfield code="d">OCL</subfield><subfield code="d">DLC</subfield><subfield code="d">OCLCF</subfield><subfield code="d">OCLCO</subfield></datafield><datafield ind1="1" ind2=" " tag="029"><subfield code="a">AU@</subfield><subfield code="b">000025818614</subfield></datafield><datafield ind1=" " ind2=" " tag="042"><subfield code="a">msc</subfield></datafield><datafield ind1=" " ind2=" " tag="043"><subfield code="a">n-us-ca</subfield></datafield><datafield ind1="0" ind2="0" tag="050"><subfield code="a">Newspaper</subfield></datafield><datafield ind1="0" ind2="0" tag="245"><subfield code="a">San Francisco daily evening news.</subfield></datafield><datafield ind1="1" ind2="0" tag="246"><subfield code="a">San Francisco daily evening news and evening picayune</subfield></datafield><datafield ind1="0" ind2="3" tag="246"><subfield code="a">Daily evening news and picayune</subfield><subfield code="f">Apr. 19, 1854-&lt;May 10, 1856&gt;</subfield></datafield><datafield ind1="0" ind2="3" tag="246"><subfield code="a">Evening news and picayune</subfield><subfield code="f">&lt;May 13, 1856&gt;-May 24, 1856</subfield></datafield><datafield ind1=" " ind2=" " tag="260"><subfield code="a">San Francisco [Calif.] :</subfield><subfield code="b">C. Bartlett &amp; Co.,</subfield><subfield code="c">1853-1856.</subfield></datafield><datafield ind1=" " ind2=" " tag="300"><subfield code="a">6 v. :</subfield><subfield code="b">ill. (chiefly advertisements) ;</subfield><subfield code="c">58 cm.</subfield></datafield><datafield ind1=" " ind2=" " tag="310"><subfield code="a">Daily (except Sun.)</subfield></datafield><datafield ind1="0" ind2=" " tag="362"><subfield code="a">Vol. 1, no. 23 (Nov. 28, 1853)-v. 6, no. 19 (May 24, 1856).</subfield></datafield><datafield ind1=" " ind2=" " tag="500"><subfield code="a">Published as: San Francisco daily evening news and evening picayune, Jan. 21-Apr. 18, 1854.</subfield></datafield><datafield ind1=" " ind2=" " tag="515"><subfield code="a">Frequent misnumbering.</subfield></datafield><datafield ind1=" " ind2=" " tag="525"><subfield code="a">Supplements accompany some issues.</subfield></datafield><datafield ind1=" " ind2=" " tag="530"><subfield code="a">Also available on microfilm from the University of California, Berkeley.</subfield></datafield><datafield ind1=" " ind2="0" tag="651"><subfield code="a">San Francisco (Calif.)</subfield><subfield code="v">Newspapers.</subfield></datafield><datafield ind1=" " ind2="7" tag="655"><subfield code="a">Newspapers.</subfield><subfield code="2">fast</subfield><subfield code="0">(OCoLC)fst01423814</subfield></datafield><datafield ind1=" " ind2="7" tag="651"><subfield code="a">California</subfield><subfield code="z">San Francisco.</subfield><subfield code="2">fast</subfield><subfield code="0">(OCoLC)fst01204481</subfield></datafield><datafield ind1=" " ind2=" " tag="752"><subfield code="a">United States</subfield><subfield code="b">California</subfield><subfield code="c">San Francisco</subfield><subfield code="d">San Francisco.</subfield></datafield><datafield ind1="0" ind2=" " tag="775"><subfield code="t">San Francisco daily evening news and evening picayune</subfield><subfield code="w">(DLC)sn 87062197</subfield><subfield code="w">(OCoLC)15741353</subfield></datafield><datafield ind1="0" ind2=" " tag="775"><subfield code="t">San Francisco daily evening news (San Francisco, Calif. : Steamer ed.)</subfield><subfield code="w">(DLC)sn 82015708</subfield><subfield code="w">(OCoLC)8840719</subfield></datafield><datafield ind1="0" ind2="0" tag="780"><subfield code="t">San Francisco evening news</subfield><subfield code="w">(DLC)86076416</subfield></datafield><datafield ind1="0" ind2="5" tag="780"><subfield code="t">Daily evening picayune (San Francisco, Calif. : 1851)</subfield><subfield code="g">Jan. 21, 1854</subfield><subfield code="w">(DLC)sn 82016232</subfield><subfield code="w">(OCoLC)9248096</subfield></datafield><datafield ind1="0" ind2="0" tag="785"><subfield code="t">Daily true Californian</subfield><subfield code="w">(DLC)sn 82015712</subfield><subfield code="w">(OCoLC)8859245</subfield></datafield></record>